<record xmlns='http://www.loc.gov/MARC21/slim'><leader>01221cim a2200325   4500</leader><controlfield tag='001'>1299035</controlfield><controlfield tag='005'>20151205164735.0</controlfield><controlfield tag='007'>st|mm|cmb|||||</controlfield><controlfield tag='008'>770523s1974    nyu|||   |     l    eng d</controlfield><datafield ind1=' ' ind2=' ' tag='035'><subfield code='a'>(CStRLIN)NYCX2988861R</subfield></datafield><datafield ind1=' ' ind2=' ' tag='035'><subfield code='a'>(NIC)notisAGA0555</subfield></datafield><datafield ind1=' ' ind2=' ' tag='035'><subfield code='a'>(OCoLC)2988861</subfield></datafield><datafield ind1=' ' ind2=' ' tag='035'><subfield code='a'>1299035</subfield></datafield><datafield ind1=' ' ind2=' ' tag='040'><subfield code='a'>NIC</subfield><subfield code='c'>NIC</subfield><subfield code='d'>CStRLIN</subfield></datafield><datafield ind1=' ' ind2=' ' tag='045'><subfield code='a'>x7x7</subfield></datafield><datafield ind1='1' ind2=' ' tag='100'><subfield code='a'>Stone, I. F.</subfield><subfield code='q'>(Isidor Feinstein),</subfield><subfield code='d'>1907-1989.</subfield></datafield><datafield ind1='1' ind2='0' tag='245'><subfield code='a'>Has Watergate ruined Ford too?</subfield><subfield code='b'>[Sound recording]</subfield></datafield><datafield ind1=' ' ind2=' ' tag='300'><subfield code='a'>reel. 1/2 track. mono.</subfield><subfield code='b'>7 in.</subfield></datafield><datafield ind1=' ' ind2=' ' tag='500'><subfield code='a'>Duration:  1 hour, 45 minutes.</subfield></datafield><datafield ind1=' ' ind2=' ' tag='518'><subfield code='a'>Lecture recorded at Bailey Hall, September 30, 1974.</subfield></datafield><datafield ind1='1' ind2='0' tag='600'><subfield code='a'>Nixon, Richard M.</subfield><subfield code='q'>(Richard Milhous),</subfield><subfield code='d'>1913-1994</subfield><subfield code='x'>Resignation from office.</subfield></datafield><datafield ind1='1' ind2='0' tag='600'><subfield code='a'>Ford, Gerald R.,</subfield><subfield code='d'>1913-2006.</subfield></datafield><datafield ind1=' ' ind2='0' tag='650'><subfield code='a'>Watergate Affair, 1972-1974</subfield></datafield><datafield ind1='1' ind2='7' tag='600'><subfield code='a'>Ford, Gerald R.,</subfield><subfield code='d'>1913-2006</subfield><subfield code='2'>fast</subfield><subfield code='0'>(OCoLC)fst00031913</subfield></datafield><datafield ind1='1' ind2='7' tag='600'><subfield code='a'>Nixon, Richard M.</subfield><subfield code='q'>(Richard Milhous),</subfield><subfield code='d'>1913-1994</subfield><subfield code='2'>fast</subfield><subfield code='0'>(OCoLC)fst00031384</subfield></datafield><datafield ind1='2' ind2='7' tag='611'><subfield code='a'>Watergate Affair (1972-1974)</subfield><subfield code='2'>fast</subfield><subfield code='0'>(OCoLC)fst01172679</subfield></datafield><datafield ind1=' ' ind2='7' tag='648'><subfield code='a'>1972 - 1974</subfield><subfield code='2'>fast</subfield></datafield><datafield ind1=' ' ind2='7' tag='650'><subfield code='a'>Resignation from office</subfield><subfield code='2'>fast</subfield><subfield code='0'>(OCoLC)fst01354439</subfield></datafield><datafield ind1=' ' ind2=' ' tag='905'><subfield code='a'>19920423120000.0</subfield></datafield><datafield ind1='2' ind2=' ' tag='948'><subfield code='a'>20141118</subfield><subfield code='b'>m</subfield><subfield code='d'>batch</subfield><subfield code='e'>lts</subfield><subfield code='x'>addfast</subfield></datafield></record>